<?xml version="1.0" encoding="UTF-8"?><record xmlns="http://www.loc.gov/MARC21/slim" xmlns:cinclude="http://apache.org/cocoon/include/1.0" xmlns:zs="http://www.loc.gov/zing/srw/">
  <leader>00455nz  a2200133n  4500</leader>
  <controlfield tag="001">n 2009183057</controlfield>
  <controlfield tag="003">DLC</controlfield>
  <controlfield tag="005">20090730075154.0</controlfield>
  <controlfield tag="008">090729n| acannaabn          |n aaa      </controlfield>
  <datafield tag="010" ind1=" " ind2=" ">
    <subfield code="a">n 2009183057</subfield>
  </datafield>
  <datafield tag="035" ind1=" " ind2=" ">
    <subfield code="a">(DNLM)1449190</subfield>
  </datafield>
  <datafield tag="040" ind1=" " ind2=" ">
    <subfield code="a">DNLM</subfield>
    <subfield code="b">eng</subfield>
    <subfield code="c">DNLM</subfield>
  </datafield>
  <datafield tag="100" ind1="1" ind2=" ">
    <subfield code="a">Rivero, Jose M.</subfield>
  </datafield>
  <datafield tag="670" ind1=" " ind2=" ">
    <subfield code="a">Echocardiography pocket guide, c2009:</subfield>
    <subfield code="b">ECIP t.p. (Jose M. Rivero, MD, chief cardiac sonographer, Cardiovascular Division, Brigham and Women's Hospital, Boston, Mass.)</subfield>
  </datafield>
</record>